<?xml version="1.0" encoding="UTF-8"?><collection xmlns="http://www.loc.gov/MARC21/slim"><record><leader>00493nam--2200181-u-4500</leader><controlfield tag="001">000055485</controlfield><controlfield tag="002">20161230</controlfield><controlfield tag="005">20161230201052</controlfield><controlfield tag="008">130214s1000------------r-----000-0-eng-d</controlfield><datafield ind1=" " ind2=" " tag="040"><subfield code="a">IFIN-HH</subfield></datafield><datafield ind1=" " ind2=" " tag="080"><subfield code="a">801</subfield></datafield><datafield ind1="1" ind2=" " tag="100"><subfield code="a">Corlateanu, N.G</subfield></datafield><datafield ind1="1" ind2="0" tag="245"><subfield code="a">Dictionar rus-roman</subfield><subfield code="b">Russko-ruminskii slovari</subfield><subfield code="c">N.g. corlateanu, e.m. russev</subfield></datafield><datafield ind1=" " ind2=" " tag="260"><subfield code="a">Moscova</subfield><subfield code="b">Editra Enciclopedia Sovietica</subfield><subfield code="c">1967</subfield></datafield><datafield ind1=" " ind2=" " tag="300"><subfield code="a">1056P</subfield></datafield><datafield ind1="1" ind2=" " tag="700"><subfield code="a">Russev, E.M</subfield></datafield><datafield ind1=" " ind2=" " tag="852"><subfield code="a">D.443</subfield><subfield code="c">SLF</subfield></datafield><datafield ind1=" " ind2=" " tag="CAT"><subfield code="a">Sys</subfield><subfield code="c">20130214</subfield><subfield code="h">122209</subfield></datafield></record></collection>